<?xml version="1.0" encoding="UTF-8"?><collection xmlns="http://www.loc.gov/MARC21/slim"><record><leader>00391nam--2200157-i-4500</leader><controlfield tag="001">000026159</controlfield><controlfield tag="002">20161230</controlfield><controlfield tag="005">20170125170836</controlfield><controlfield tag="008">060222s1000------------r-----000-0-eng-d</controlfield><datafield ind1=" " ind2=" " tag="100"><subfield code="a">Kaplan, Irving</subfield></datafield><datafield ind1=" " ind2=" " tag="245"><subfield code="a">Nuclear physics</subfield></datafield><datafield ind1=" " ind2=" " tag="250"><subfield code="a">second edition</subfield></datafield><datafield ind1=" " ind2=" " tag="260"><subfield code="a">Reading</subfield><subfield code="b">Addison-Wesley Publ.Co., Inc</subfield><subfield code="c">1963</subfield></datafield><datafield ind1=" " ind2=" " tag="300"><subfield code="a">XIV + 770 p</subfield></datafield><datafield ind1=" " ind2=" " tag="852"><subfield code="a">19073</subfield></datafield><datafield ind1=" " ind2=" " tag="CAT"><subfield code="a">SYS</subfield><subfield code="c">20170125</subfield><subfield code="h">170836</subfield></datafield></record></collection>